<?xml version="1.0" encoding="UTF-8"?><collection xmlns="http://www.loc.gov/MARC21/slim"><record><leader>00730nam--2200205-u-4500</leader><controlfield tag="001">000053159</controlfield><controlfield tag="002">20161230</controlfield><controlfield tag="005">20161230201051</controlfield><controlfield tag="008">110110s1000------------r-----000-0-eng-d</controlfield><datafield ind1=" " ind2=" " tag="020"><subfield code="a">3211820353</subfield></datafield><datafield ind1=" " ind2=" " tag="040"><subfield code="a">IFIN-HH</subfield></datafield><datafield ind1=" " ind2=" " tag="080"><subfield code="a">539.141.(061.3)</subfield></datafield><datafield ind1="1" ind2=" " tag="100"><subfield code="a">Ballot, J.-l</subfield></datafield><datafield ind1="1" ind2="0" tag="245"><subfield code="a">Few-body problems in particle, nuclear, atomic and molecular physics</subfield><subfield code="b">Proceeidngs of the xith european conference on few-body physics, fontevraud, august 31 - september 5, 1987</subfield><subfield code="c">J.-l. ballot; m. fabre de la ripelle (eds.)</subfield></datafield><datafield ind1=" " ind2=" " tag="260"><subfield code="a">NEW YORK</subfield><subfield code="b">Springer Verlag</subfield><subfield code="c">1987</subfield></datafield><datafield ind1=" " ind2=" " tag="300"><subfield code="a">583P</subfield></datafield><datafield ind1=" " ind2=" " tag="490"><subfield code="a">Few-body Systems</subfield><subfield code="v">Supplementum 2</subfield></datafield><datafield ind1="1" ind2=" " tag="700"><subfield code="a">De La Ripelle, M. Fabre</subfield><subfield code="e">Ed</subfield></datafield><datafield ind1=" " ind2=" " tag="852"><subfield code="a">78662</subfield><subfield code="c">539.141</subfield></datafield><datafield ind1=" " ind2=" " tag="CAT"><subfield code="a">Sys</subfield><subfield code="c">20120418</subfield><subfield code="h">124322</subfield></datafield></record></collection>